@ARTICLE{McMillan2017,
       author = {{McMillan}, Paul J.},
        title = "{The mass distribution and gravitational potential of the Milky Way}",
      journal = {\mnras},
     keywords = {methods: statistical, Galaxy: fundamental parameters, Galaxy: kinematics and dynamics, Galaxy: structure, Astrophysics - Astrophysics of Galaxies},
         year = 2017,
        month = feb,
       volume = {465},
       number = {1},
        pages = {76-94},
          doi = {10.1093/mnras/stw2759},
archivePrefix = {arXiv},
       eprint = {1608.00971},
 primaryClass = {astro-ph.GA},
       adsurl = {https://ui.adsabs.harvard.edu/abs/2017MNRAS.465...76M},
      adsnote = {Provided by the SAO/NASA Astrophysics Data System}
}

@BOOK{Binney2008,
       author = {{Binney}, James and {Tremaine}, Scott},
        title = "{Galactic Dynamics: Second Edition}",
         year = 2008,
       adsurl = {https://ui.adsabs.harvard.edu/abs/2008gady.book.....B},
      adsnote = {Provided by the SAO/NASA Astrophysics Data System}
}

@ARTICLE{Bailes,
       author = {{Bailes}, M. and {Johnston}, S. and {Bell}, J.~F. and {Lorimer}, D.~R. and
         {Stappers}, B.~W. and {Manchester}, R.~N. and {Lyne}, A.~G. and
         {Nicastro}, L. and {Gaensler}, B.~M.},
        title = "{Discovery of Four Isolated Millisecond Pulsars}",
      journal = {\apj},
     keywords = {Stars: Pulsars: General, Radio Continuum: Stars, Stars: Evolution, Stars: Statistics},
         year = 1997,
        month = may,
       volume = {481},
       number = {1},
        pages = {386-391},
          doi = {10.1086/304041},
       adsurl = {https://ui.adsabs.harvard.edu/abs/1997ApJ...481..386B},
      adsnote = {Provided by the SAO/NASA Astrophysics Data System}
}



@ARTICLE{Toscano,
       author = {{Toscano}, M. and {Sandhu}, J.~S. and {Bailes}, M. and
         {Manchester}, R.~N. and {Britton}, M.~C. and {Kulkarni}, S.~R. and
         {Anderson}, S.~B. and {Stappers}, B.~W.},
        title = "{Millisecond pulsar velocities}",
      journal = {\mnras},
     keywords = {Astrophysics},
         year = 1999,
        month = aug,
       volume = {307},
       number = {4},
        pages = {925-933},
          doi = {10.1046/j.1365-8711.1999.02685.x},
archivePrefix = {arXiv},
       eprint = {astro-ph/9811398},
 primaryClass = {astro-ph},
       adsurl = {https://ui.adsabs.harvard.edu/abs/1999MNRAS.307..925T},
      adsnote = {Provided by the SAO/NASA Astrophysics Data System}
}



@INPROCEEDINGS{Kulkarni1995},
       author = {{Kulkarni}, S.~R.},
        title = "{The First Decade of Millisecond Pulsars: an Overview}",
    booktitle = {Millisecond Pulsars.  A Decade of Surprise},
         year = 1995,
       editor = {{Fruchter}, A.~S. and {Tavani}, M. and {Backer}, Donald C.},
       series = {Astronomical Society of the Pacific Conference Series},
       volume = {72},
        month = jan,
        pages = {79},
       adsurl = {https://ui.adsabs.harvard.edu/abs/1995ASPC...72...79K},
      adsnote = {Provided by the SAO/NASA Astrophysics Data System}
}



@ARTICLE{Magnetic,
       author = {{Cruces}, Marilyn and {Reisenegger}, Andreas and {Tauris}, Thomas M.},
        title = "{On the weak magnetic field of millisecond pulsars: does it decay before accretion?}",
      journal = {\mnras},
     keywords = {magnetic fields, stars: neutron, pulsars: general, white dwarfs, X-rays: binaries, Astrophysics - Solar and Stellar Astrophysics, Astrophysics - High Energy Astrophysical Phenomena},
         year = 2019,
        month = dec,
       volume = {490},
       number = {2},
        pages = {2013-2022},
          doi = {10.1093/mnras/stz2701},
archivePrefix = {arXiv},
       eprint = {1906.06076},
 primaryClass = {astro-ph.SR},
       adsurl = {https://ui.adsabs.harvard.edu/abs/2019MNRAS.490.2013C},
      adsnote = {Provided by the SAO/NASA Astrophysics Data System}
}




@INPROCEEDINGS{Camilo,
       author = {{Camilo}, F. and {Rasio}, F.~A.},
        title = "{Pulsars in Globular Clusters}",
     keywords = {Astrophysics},
    booktitle = {Binary Radio Pulsars},
         year = 2005,
       editor = {{Rasio}, Fred A. and {Stairs}, Ingrid H.},
       series = {Astronomical Society of the Pacific Conference Series},
       volume = {328},
        month = jul,
        pages = {147},
archivePrefix = {arXiv},
       eprint = {astro-ph/0501226},
 primaryClass = {astro-ph},
       adsurl = {https://ui.adsabs.harvard.edu/abs/2005ASPC..328..147C},
      adsnote = {Provided by the SAO/NASA Astrophysics Data System}
}



@ARTICLE{Phinney,
       author = {{Phinney}, E.~S. and {Kulkarni}, S.~R.},
        title = "{Binary and Millisecond Pulsars}",
      journal = {\araa},
         year = 1994,
        month = jan,
       volume = {32},
        pages = {591-639},
          doi = {10.1146/annurev.aa.32.090194.003111},
       adsurl = {https://ui.adsabs.harvard.edu/abs/1994ARA&A..32..591P},
      adsnote = {Provided by the SAO/NASA Astrophysics Data System}
}



@ARTICLE{Ablation,
       author = {{Fruchter}, A.~S. and {Stinebring}, D.~R. and {Taylor}, J.~H.},
        title = "{A millisecond pulsar in an eclipsing binary}",
      journal = {\nat},
     keywords = {Circular Orbits, Companion Stars, Eclipsing Binary Stars, Pulsars, Ionized Gases, Microwave Spectrometers, Orbital Velocity, Plasma Density, Stellar Temperature, Stellar Winds, Astrophysics},
         year = 1988,
        month = may,
       volume = {333},
       number = {6170},
        pages = {237-239},
          doi = {10.1038/333237a0},
       adsurl = {https://ui.adsabs.harvard.edu/abs/1988Natur.333..237F},
      adsnote = {Provided by the SAO/NASA Astrophysics Data System}
}



@ARTICLE{NobelPrize,
       author = {{Taylor}, J.~H. and {Weisberg}, J.~M.},
        title = "{A new test of general relativity - Gravitational radiation and the binary pulsar PSR 1913+16}",
      journal = {\apj},
     keywords = {Binary Stars, Gravitational Waves, Orbit Calculation, Pulsars, Pulsed Radiation, Relativity, Black Holes (Astronomy), Error Analysis, Least Squares Method, Neutron Stars, Orbit Decay, Stellar Mass, Stellar Models, Stellar Motions, Stellar Radiation, Physics (General)},
         year = 1982,
        month = feb,
       volume = {253},
        pages = {908-920},
          doi = {10.1086/159690},
       adsurl = {https://ui.adsabs.harvard.edu/abs/1982ApJ...253..908T},
      adsnote = {Provided by the SAO/NASA Astrophysics Data System}
}

@article{NRAO,
    title     = {How to Make a Millisecond Pulsar},
    author    = {Saxton, B.},
    year      = {2020},
    month     = {},
    url       = {https://public.nrao.edu/gallery/how-to-make-a-millisecond-pulsar/},
}

@ARTICLE{Planet,
       author = {{Wolszczan}, A. and {Frail}, D.~A.},
        title = "{A planetary system around the millisecond pulsar PSR1257 + 12}",
      journal = {\nat},
     keywords = {Binary Stars, Extrasolar Planets, Orbital Mechanics, Planetary Systems, Pulsars, Accretion Disks, Least Squares Method, Neutron Stars, Radio Astronomy, Supernova Remnants, Astrophysics},
         year = 1992,
        month = jan,
       volume = {355},
       number = {6356},
        pages = {145-147},
          doi = {10.1038/355145a0},
       adsurl = {https://ui.adsabs.harvard.edu/abs/1992Natur.355..145W},
      adsnote = {Provided by the SAO/NASA Astrophysics Data System}
}



@ARTICLE{First,
       author = {{Backer}, D.~C. and {Kulkarni}, S.~R. and {Heiles}, C. and
         {Davis}, M.~M. and {Goss}, W.~M.},
        title = "{A millisecond pulsar}",
      journal = {\nat},
     keywords = {Pulsars, Radio Astronomy, Scintillation, Stellar Evolution, Decametric Waves, Energy Dissipation, Radiant Flux Density, Spectrum Analysis, Stellar Spectra, Astrophysics},
         year = 1982,
        month = dec,
       volume = {300},
       number = {5893},
        pages = {615-618},
          doi = {10.1038/300615a0},
       adsurl = {https://ui.adsabs.harvard.edu/abs/1982Natur.300..615B},
      adsnote = {Provided by the SAO/NASA Astrophysics Data System}
}

@ARTICLE{Hobbs2005,
       author = {{Hobbs}, G. and {Lorimer}, D.~R. and {Lyne}, A.~G. and {Kramer}, M.},
        title = "{A statistical study of 233 pulsar proper motions}",
      journal = {\mnras},
     keywords = {stars: kinematics, pulsars: general, Astrophysics},
         year = 2005,
        month = jul,
       volume = {360},
       number = {3},
        pages = {974-992},
          doi = {10.1111/j.1365-2966.2005.09087.x},
archivePrefix = {arXiv},
       eprint = {astro-ph/0504584},
 primaryClass = {astro-ph},
       adsurl = {https://ui.adsabs.harvard.edu/abs/2005MNRAS.360..974H},
      adsnote = {Provided by the SAO/NASA Astrophysics Data System}
}

@ARTICLE{Hills,
       author = {{Hills}, J.~G.},
        title = "{The effects of sudden mass loss and a random kick velocity produced in a supernova explosion on the dynamics of a binary star of arbitrary orbital eccentricity. Applications to X-ray binaries and to the binarypulsars.}",
      journal = {\apj},
     keywords = {Binary Stars, Eccentric Orbits, Pulsars, Stellar Mass Ejection, Stellar Rotation, Supernovae, X Ray Binaries, Orbit Calculation, Orbit Perturbation, Orbital Elements, Stellar Envelopes, Supernova Remnants, X Ray Sources, Astrophysics},
         year = 1983,
        month = apr,
       volume = {267},
        pages = {322-333},
          doi = {10.1086/160871},
       adsurl = {https://ui.adsabs.harvard.edu/abs/1983ApJ...267..322H},
      adsnote = {Provided by the SAO/NASA Astrophysics Data System}
}



@ARTICLE{Lorimer,
       author = {{Lorimer}, D.~R. and {Bailes}, M. and {Harrison}, P.~A.},
        title = "{Pulsar statistics - IV. Pulsar velocities}",
      journal = {\mnras},
     keywords = {MAGNETIC FIELDS, METHODS: STATISTICAL, STARS: EVOLUTION, STARS: NEUTRON, PULSARS: GENERAL, GAMMA-RAYS: BURSTS},
         year = 1997,
        month = aug,
       volume = {289},
       number = {3},
        pages = {592-604},
          doi = {10.1093/mnras/289.3.592},
       adsurl = {https://ui.adsabs.harvard.edu/abs/1997MNRAS.289..592L},
      adsnote = {Provided by the SAO/NASA Astrophysics Data System}
}



@ARTICLE{Toscano1999,
       author = {{Toscano}, M. and {Sandhu}, J.~S. and {Bailes}, M. and
         {Manchester}, R.~N. and {Britton}, M.~C. and {Kulkarni}, S.~R. and
         {Anderson}, S.~B. and {Stappers}, B.~W.},
        title = "{Millisecond pulsar velocities}",
      journal = {\mnras},
     keywords = {Astrophysics},
         year = 1999,
        month = aug,
       volume = {307},
       number = {4},
        pages = {925-933},
          doi = {10.1046/j.1365-8711.1999.02685.x},
archivePrefix = {arXiv},
       eprint = {astro-ph/9811398},
 primaryClass = {astro-ph},
       adsurl = {https://ui.adsabs.harvard.edu/abs/1999MNRAS.307..925T},
      adsnote = {Provided by the SAO/NASA Astrophysics Data System}
}



@MISC{GAIADR2,
       author = {{van Leeuwen}, F. and {de Bruijne}, J.~H.~J. and {Arenou}, F. and
         {Bakker}, J. and {Blomme}, R. and {Busso}, G. and {Cacciari}, C. and
         {Casta{\~n}eda}, J. and {Cellino}, A. and {Clotet}, M. and
         {Comoretto}, G. and {Eyer}, L. and {Gonz{\'a}lez-N{\'u}{\~n}ez}, J. and
         {Guy}, L. and {Hambly}, N. and {Hobbs}, D. and {van Leeuwen}, M. and
         {Luri}, X. and {Manteiga}, M. and {Pourbaix}, D. and {Roegiers}, T. and
         {Salgado}, J. and {Sartoretti}, P. and {Tanga}, P. and {Ulla}, A. and
         {Utrilla Molina}, E. and {Abreu}, A. and {Altmann}, M. and
         {Andrae}, R. and {Antoja}, T. and {Audard}, M. and {Babusiaux}, C. and
         {Bailer-Jones}, C.~A.~L. and {Barache}, C. and {Bastian}, U. and
         {Beck}, M. and {Berthier}, J. and {Bianchi}, L. and {Biermann}, M. and
         {Bombrun}, A. and {Bossini}, D. and {Breddels}, M. and
         {Brown}, A.~G.~A. and {Busonero}, D. and {Butkevich}, A. and
         {Cantat-Gaudin}, T. and {Carrasco}, J.~M. and {Cheek}, N. and
         {Clementini}, G. and {Creevey}, O. and {Crowley}, C. and {David}, M. and
         {Davidson}, M. and {De Angeli}, F. and {De Ridder}, J. and
         {Delb{\`o}}, M. and {Dell'Oro}, A. and {Diakit{\'e}}, S. and
         {Distefano}, E. and {Drimmel}, R. and {Dur{\'a}n}, J. and
         {Evans}, D.~W. and {Fabricius}, C. and {Fabrizio}, M. and
         {Fern{\'a}ndez-Hern{\'a}ndez}, J. and {Findeisen}, K. and
         {Fleitas}, J. and {Fouesneau}, M. and {Galluccio}, L. and
         {Gracia-Abril}, G. and {Guerra}, R. and
         {Guti{\'e}rrez-S{\'a}nchez}, R. and {Helmi}, A. and {Hernandez}, J. and
         {Holl}, B. and {Hutton}, A. and {Jean-Antoine-Piccolo}, A. and
         {Jevardat de Fombelle}, G. and {Joliet}, E. and {Jordi}, C. and
         {Juh{\'a}sz}, {\'A}. and {Klioner}, S. and {L{\"o}ffler}, W. and
         {Lammers}, U. and {Lanzafame}, A. and {Lebzelter}, T. and
         {Leclerc}, N. and {Lecoeur-Ta{\"\i}bi}, I. and {Lindegren}, L. and
         {Marinoni}, S. and {Marrese}, P.~M. and {Mary}, N. and {Massari}, D. and
         {Messineo}, R. and {Michalik}, D. and {Mignard}, F. and {Molinaro}, R. and
         {Moln{\'a}r}, L. and {Montegriffo}, P. and {Mora}, A. and
         {Mowlavi}, N. and {Muinonen}, K. and {Muraveva}, T. and
         {Nienartowicz}, K. and {Ordenovic}, C. and {Pancino}, E. and
         {Panem}, C. and {Pauwels}, T. and {Petit}, J. and {Plachy}, E. and
         {Portell}, J. and {Racero}, E. and {Regibo}, S. and {Reyl{\'e}}, C. and
         {Rimoldini}, L. and {Ripepi}, V. and {Riva}, A. and {Robichon}, N. and
         {Robin}, A. and {Roelens}, M. and {Romero-G{\'o}mez}, M. and
         {Sarro}, L. and {Seabroke}, G. and {Segovia}, J.~C. and {Siddiqui}, H. and
         {Smart}, R. and {Smith}, K. and {Sordo}, R. and {Soria}, S. and
         {Spoto}, F. and {Stephenson}, C. and {Turon}, C. and {Vallenari}, A. and
         {Veljanoski}, J. and {Voutsinas}, S.},
        title = "{Gaia DR2 documentation}",
 howpublished = {Gaia DR2 documentation},
         year = 2018,
        month = jul,
       adsurl = {https://ui.adsabs.harvard.edu/abs/2018gdr2.reptE....V},
      adsnote = {Provided by the SAO/NASA Astrophysics Data System}
}

@ARTICLE{Lorimer2008,
       author = {{Lorimer}, Duncan R.},
        title = "{Binary and Millisecond Pulsars}",
      journal = {Living Reviews in Relativity},
     keywords = {pulsars, Astrophysics},
         year = 2008,
        month = nov,
       volume = {11},
       number = {1},
          eid = {8},
        pages = {8},
          doi = {10.12942/lrr-2008-8},
archivePrefix = {arXiv},
       eprint = {0811.0762},
 primaryClass = {astro-ph},
       adsurl = {https://ui.adsabs.harvard.edu/abs/2008LRR....11....8L},
      adsnote = {Provided by the SAO/NASA Astrophysics Data System}
}

@ARTICLE{Hyperleda,
       author = {{Paturel}, G. and {Petit}, C. and {Prugniel}, Ph. and {Theureau}, G. and
         {Rousseau}, J. and {Brouty}, M. and {Dubois}, P. and {Cambr{\'e}sy}, L.},
        title = "{HYPERLEDA.  I. Identification and designation of galaxies}",
      journal = {\aap},
     keywords = {galaxies: general, catalogs},
         year = 2003,
        month = dec,
       volume = {412},
        pages = {45-55},
          doi = {10.1051/0004-6361:20031411},
       adsurl = {https://ui.adsabs.harvard.edu/abs/2003A&A...412...45P},
      adsnote = {Provided by the SAO/NASA Astrophysics Data System}
}

@ARTICLE{AustraliaPulsar,
       author = {{Manchester}, R.~N. and {Hobbs}, G.~B. and {Teoh}, A. and {Hobbs}, M.},
        title = "{The Australia Telescope National Facility Pulsar Catalogue}",
      journal = {\aj},
     keywords = {Catalogs, Stars: Pulsars: General, Astrophysics},
         year = 2005,
        month = apr,
       volume = {129},
       number = {4},
        pages = {1993-2006},
          doi = {10.1086/428488},
archivePrefix = {arXiv},
       eprint = {astro-ph/0412641},
 primaryClass = {astro-ph},
       adsurl = {https://ui.adsabs.harvard.edu/abs/2005AJ....129.1993M},
      adsnote = {Provided by the SAO/NASA Astrophysics Data System}
}
@ARTICLE{Yoshizawa,
       author = {{Yoshizawa}, Akira M. and {Noguchi}, Masafumi},
        title = "{The dynamical evolution and star formation history of the Small Magellanic Cloud: effects of interactions with the Galaxy and the Large Magellanic Cloud}",
      journal = {\mnras},
     keywords = {methods: N-body simulations, galaxies: interactions, galaxies: ISM, Magellanic Clouds},
         year = 2003,
        month = mar,
       volume = {339},
       number = {4},
        pages = {1135-1154},
          doi = {10.1046/j.1365-8711.2003.06263.x},
       adsurl = {https://ui.adsabs.harvard.edu/abs/2003MNRAS.339.1135Y},
      adsnote = {Provided by the SAO/NASA Astrophysics Data System}
}



@ARTICLE{Bekki,
       author = {{Bekki}, Kenji and {Chiba}, Masashi},
        title = "{Formation and evolution of the Magellanic Clouds - I. Origin of structural, kinematic and chemical properties of the Large Magellanic Cloud}",
      journal = {\mnras},
     keywords = {galaxies: haloes, galaxies: kinematics and dynamics, Magellanic Clouds, galaxies: star clusters, galaxies: structure, Astrophysics},
         year = 2005,
        month = jan,
       volume = {356},
       number = {2},
        pages = {680-702},
          doi = {10.1111/j.1365-2966.2004.08510.x},
archivePrefix = {arXiv},
       eprint = {astro-ph/0412318},
 primaryClass = {astro-ph},
       adsurl = {https://ui.adsabs.harvard.edu/abs/2005MNRAS.356..680B},
      adsnote = {Provided by the SAO/NASA Astrophysics Data System}
}
@ARTICLE{Besla},
       author = {{Besla}, Gurtina and {Kallivayalil}, Nitya and {Hernquist}, Lars and
         {Robertson}, Brant and {Cox}, T.~J. and {van der Marel}, Roeland P. and
         {Alcock}, Charles},
        title = "{Are the Magellanic Clouds on Their First Passage about the Milky Way?}",
      journal = {\apj},
     keywords = {Galaxies: Evolution, Galaxies: Interactions, Galaxies: Kinematics and Dynamics, Galaxy: Structure, Galaxies: Magellanic Clouds, Astrophysics},
         year = 2007,
        month = oct,
       volume = {668},
       number = {2},
        pages = {949-967},
          doi = {10.1086/521385},
archivePrefix = {arXiv},
       eprint = {astro-ph/0703196},
 primaryClass = {astro-ph},
       adsurl = {https://ui.adsabs.harvard.edu/abs/2007ApJ...668..949B},
      adsnote = {Provided by the SAO/NASA Astrophysics Data System}
}

@ARTICLE{Lorimer1999,
       author = {{Lorimer}, D.~R.},
        title = "{Neutron Star Birth Rates}",
      journal = {arXiv e-prints},
     keywords = {Astrophysics},
         year = 1999,
        month = nov,
          eid = {astro-ph/9911519},
        pages = {astro-ph/9911519},
archivePrefix = {arXiv},
       eprint = {astro-ph/9911519},
 primaryClass = {astro-ph},
       adsurl = {https://ui.adsabs.harvard.edu/abs/1999astro.ph.11519L},
      adsnote = {Provided by the SAO/NASA Astrophysics Data System}
}

@ARTICLE{Thomas,
       author = {{Robitaille}, Thomas P. and {Whitney}, Barbara A.},
        title = "{The Present-Day Star Formation Rate of the Milky Way Determined from Spitzer-Detected Young Stellar Objects}",
      journal = {\apjl},
     keywords = {Galaxy: fundamental parameters, infrared: stars, stars: formation, stars: pre-main sequence, Astrophysics - Galaxy Astrophysics, Astrophysics - Solar and Stellar Astrophysics},
         year = 2010,
        month = feb,
       volume = {710},
       number = {1},
        pages = {L11-L15},
          doi = {10.1088/2041-8205/710/1/L11},
archivePrefix = {arXiv},
       eprint = {1001.3672},
 primaryClass = {astro-ph.GA},
       adsurl = {https://ui.adsabs.harvard.edu/abs/2010ApJ...710L..11R},
      adsnote = {Provided by the SAO/NASA Astrophysics Data System}
}



@ARTICLE{Harris,
       author = {{Harris}, Jason and {Zaritsky}, Dennis},
        title = "{The Star Formation History of the Large Magellanic Cloud}",
      journal = {\aj},
     keywords = {galaxies: evolution, galaxies: individual: Large Magellanic Cloud, galaxies: stellar content, Magellanic Clouds, Astrophysics - Cosmology and Nongalactic Astrophysics, Astrophysics - Astrophysics of Galaxies},
         year = 2009,
        month = nov,
       volume = {138},
       number = {5},
        pages = {1243-1260},
          doi = {10.1088/0004-6256/138/5/1243},
archivePrefix = {arXiv},
       eprint = {0908.1422},
 primaryClass = {astro-ph.CO},
       adsurl = {https://ui.adsabs.harvard.edu/abs/2009AJ....138.1243H},
      adsnote = {Provided by the SAO/NASA Astrophysics Data System}
}

@ARTICLE{Simbad,
       author = {{Wenger}, M. and {Ochsenbein}, F. and {Egret}, D. and {Dubois}, P. and
         {Bonnarel}, F. and {Borde}, S. and {Genova}, F. and {Jasniewicz}, G. and
         {Lalo{\"e}}, S. and {Lesteven}, S. and {Monier}, R.},
        title = "{The SIMBAD astronomical database. The CDS reference database for astronomical objects}",
      journal = {\aaps},
     keywords = {ASTRONOMICAL DATA BASES: MISCELLANEOUS, CATALOGS, Astrophysics},
         year = 2000,
        month = apr,
       volume = {143},
        pages = {9-22},
          doi = {10.1051/aas:2000332},
archivePrefix = {arXiv},
       eprint = {astro-ph/0002110},
 primaryClass = {astro-ph},
       adsurl = {https://ui.adsabs.harvard.edu/abs/2000A&AS..143....9W},
      adsnote = {Provided by the SAO/NASA Astrophysics Data System}
}



@ARTICLE{Plummer,
       author = {{Plummer}, H.~C.},
        title = "{On the problem of distribution in globular star clusters}",
      journal = {\mnras},
         year = 1911,
        month = mar,
       volume = {71},
        pages = {460-470},
          doi = {10.1093/mnras/71.5.460},
       adsurl = {https://ui.adsabs.harvard.edu/abs/1911MNRAS..71..460P},
      adsnote = {Provided by the SAO/NASA Astrophysics Data System}
}



@ARTICLE{Kallivayalil2013,
       author = {{Kallivayalil}, Nitya and {van der Marel}, Roeland P. and
         {Besla}, Gurtina and {Anderson}, Jay and {Alcock}, Charles},
        title = "{Third-epoch Magellanic Cloud Proper Motions. I. Hubble Space Telescope/WFC3 Data and Orbit Implications}",
      journal = {\apj},
     keywords = {galaxies: evolution, galaxies: interactions, galaxies: kinematics and dynamics, Galaxy: structure, Magellanic Clouds, Astrophysics - Cosmology and Nongalactic Astrophysics},
         year = 2013,
        month = feb,
       volume = {764},
       number = {2},
          eid = {161},
        pages = {161},
          doi = {10.1088/0004-637X/764/2/161},
archivePrefix = {arXiv},
       eprint = {1301.0832},
 primaryClass = {astro-ph.CO},
       adsurl = {https://ui.adsabs.harvard.edu/abs/2013ApJ...764..161K},
      adsnote = {Provided by the SAO/NASA Astrophysics Data System}
}



@ARTICLE{McConnachie2012,
       author = {{McConnachie}, Alan W.},
        title = "{The Observed Properties of Dwarf Galaxies in and around the Local Group}",
      journal = {\aj},
     keywords = {catalogs, galaxies: dwarf, galaxies: fundamental parameters, galaxies: general, galaxies: structure, Local Group, Astrophysics - Cosmology and Nongalactic Astrophysics, Astrophysics - Astrophysics of Galaxies},
         year = 2012,
        month = jul,
       volume = {144},
       number = {1},
          eid = {4},
        pages = {4},
          doi = {10.1088/0004-6256/144/1/4},
archivePrefix = {arXiv},
       eprint = {1204.1562},
 primaryClass = {astro-ph.CO},
       adsurl = {https://ui.adsabs.harvard.edu/abs/2012AJ....144....4M},
      adsnote = {Provided by the SAO/NASA Astrophysics Data System}
}




@ARTICLE{Miyamoto1975,
       author = {{Miyamoto}, M. and {Nagai}, R.},
        title = "{Three-dimensional models for the distribution of mass in galaxies.}",
      journal = {\pasj},
     keywords = {Astronomical Models, Density Distribution, Galactic Structure, Mass Distribution, Potential Theory, Three Dimensional Models, Functions (Mathematics), Globular Clusters, Gravitational Effects, Mathematical Models, Milky Way Galaxy, Astrophysics},
         year = 1975,
        month = jan,
       volume = {27},
        pages = {533-543},
       adsurl = {https://ui.adsabs.harvard.edu/abs/1975PASJ...27..533M},
      adsnote = {Provided by the SAO/NASA Astrophysics Data System}
}

@BOOK{AMUSE,
       author = {{Portegies Zwart}, Simon and {McMillan}, Steve},
        title = "{Astrophysical Recipes; The art of AMUSE}",
         year = 2018,
          doi = {10.1088/978-0-7503-1320-9},
       adsurl = {https://ui.adsabs.harvard.edu/abs/2018araa.book.....P},
      adsnote = {Provided by the SAO/NASA Astrophysics Data System}
}

@ARTICLE{Bell,
       author = {{Hewish}, A. and {Bell}, S.~J. and {Pilkington}, J.~D.~H. and
         {Scott}, P.~F. and {Collins}, R.~A.},
        title = "{Observation of a Rapidly Pulsating Radio Source}",
      journal = {\nat},
         year = 1968,
        month = feb,
       volume = {217},
       number = {5130},
        pages = {709-713},
          doi = {10.1038/217709a0},
       adsurl = {https://ui.adsabs.harvard.edu/abs/1968Natur.217..709H},
      adsnote = {Provided by the SAO/NASA Astrophysics Data System}
}



@ARTICLE{Hernquist1990,
       author = {{Hernquist}, Lars},
        title = "{An Analytical Model for Spherical Galaxies and Bulges}",
      journal = {\apj},
     keywords = {Computational Astrophysics, Elliptical Galaxies, Galactic Bulge, Galactic Structure, Astronomical Models, Astronomical Photometry, Brightness Distribution, Distribution Functions, Astrophysics, GALAXIES: PHOTOMETRY, GALAXIES: STRUCTURE},
         year = 1990,
        month = jun,
       volume = {356},
        pages = {359},
          doi = {10.1086/168845},
       adsurl = {https://ui.adsabs.harvard.edu/abs/1990ApJ...356..359H},
      adsnote = {Provided by the SAO/NASA Astrophysics Data System}
}

@ARTICLE{Navarro1997,
       author = {{Navarro}, Julio F. and {Frenk}, Carlos S. and {White}, Simon D.~M.},
        title = "{A Universal Density Profile from Hierarchical Clustering}",
      journal = {\apj},
     keywords = {Cosmology: Theory, Cosmology: Dark Matter, Galaxies: Halos, Methods: Numerical, Astrophysics},
         year = 1997,
        month = dec,
       volume = {490},
       number = {2},
        pages = {493-508},
          doi = {10.1086/304888},
archivePrefix = {arXiv},
       eprint = {astro-ph/9611107},
 primaryClass = {astro-ph},
       adsurl = {https://ui.adsabs.harvard.edu/abs/1997ApJ...490..493N},
      adsnote = {Provided by the SAO/NASA Astrophysics Data System}
}

@ARTICLE{Antoniadis2016,
       author = {{Antoniadis}, John and {Tauris}, Thomas M. and {Ozel}, Feryal and
         {Barr}, Ewan and {Champion}, David J. and {Freire}, Paulo C.~C.},
        title = "{The millisecond pulsar mass distribution: Evidence for bimodality and constraints on the maximum neutron star mass}",
      journal = {arXiv e-prints},
     keywords = {Astrophysics - High Energy Astrophysical Phenomena, Astrophysics - Solar and Stellar Astrophysics, Nuclear Theory},
         year = 2016,
        month = may,
          eid = {arXiv:1605.01665},
        pages = {arXiv:1605.01665},
archivePrefix = {arXiv},
       eprint = {1605.01665},
 primaryClass = {astro-ph.HE},
       adsurl = {https://ui.adsabs.harvard.edu/abs/2016arXiv160501665A},
      adsnote = {Provided by the SAO/NASA Astrophysics Data System}
}

@ARTICLE{Hansen1997,
       author = {{Hansen}, Brad M.~S. and {Phinney}, E. Sterl},
        title = "{The pulsar kick velocity distribution}",
      journal = {\mnras},
     keywords = {Pulsars, Velocity Distribution, Celestial Mechanics, Monte Carlo Method, Galactic Evolution, Statistical Analysis, Maxwell Equation, Binary Stars, Astrophysics, METHODS: STATISTICAL, STARS: KINEMATICS, PULSARS: GENERAL, Astrophysics},
         year = 1997,
        month = nov,
       volume = {291},
       number = {3},
        pages = {569-577},
          doi = {10.1093/mnras/291.3.569},
archivePrefix = {arXiv},
       eprint = {astro-ph/9708071},
 primaryClass = {astro-ph},
       adsurl = {https://ui.adsabs.harvard.edu/abs/1997MNRAS.291..569H},
      adsnote = {Provided by the SAO/NASA Astrophysics Data System}
}
@ARTICLE{Lorimer2001,
       author = {{Lorimer}, Duncan R.},
        title = "{Binary and Millisecond Pulsars at the New Millennium}",
      journal = {Living Reviews in Relativity},
     keywords = {pulsars: general, Neutron Star, Gravitational Wave, White Dwarf, Globular Cluster, Radio Pulsar, Astrophysics},
         year = 2001,
        month = jun,
       volume = {4},
       number = {1},
          eid = {5},
        pages = {5},
          doi = {10.12942/lrr-2001-5},
archivePrefix = {arXiv},
       eprint = {astro-ph/0104388},
 primaryClass = {astro-ph},
       adsurl = {https://ui.adsabs.harvard.edu/abs/2001LRR.....4....5L},
      adsnote = {Provided by the SAO/NASA Astrophysics Data System}
}



@ARTICLE{Bovy2015,
       author = {{Bovy}, Jo},
        title = "{galpy: A python Library for Galactic Dynamics}",
      journal = {\apjs},
     keywords = {galaxies: general, galaxies: kinematics and dynamics, Galaxy: fundamental parameters, Astrophysics - Astrophysics of Galaxies, Astrophysics - Instrumentation and Methods for Astrophysics},
         year = 2015,
        month = feb,
       volume = {216},
       number = {2},
          eid = {29},
        pages = {29},
          doi = {10.1088/0067-0049/216/2/29},
archivePrefix = {arXiv},
       eprint = {1412.3451},
 primaryClass = {astro-ph.GA},
       adsurl = {https://ui.adsabs.harvard.edu/abs/2015ApJS..216...29B},
      adsnote = {Provided by the SAO/NASA Astrophysics Data System}
}

















